@article{bietti2021sample,
  title={On the sample complexity of learning under geometric stability},
  author={Bietti, Alberto and Venturi, Luca and Bruna, Joan},
  journal={Advances in neural information processing systems},
  volume={34},
  pages={18673--18684},
  year={2021}
}

@article{bach2021learning,
  title={Learning theory from first principles},
  author={Bach, Francis},
  journal={Draft of a book, version of Sept},
  volume={6},
  pages={2021},
  year={2021}
}

@article{cucker2002mathematical,
  title={On the mathematical foundations of learning},
  author={Cucker, Felipe and Smale, Steve},
  journal={Bulletin of the American mathematical society},
  volume={39},
  number={1},
  pages={1--49},
  year={2002}
}

@article{caponnetto2007optimal,
  title={Optimal rates for the regularized least-squares algorithm},
  author={Caponnetto, Andrea and De Vito, Ernesto},
  journal={Foundations of Computational Mathematics},
  volume={7},
  pages={331--368},
  year={2007},
  publisher={Springer}
}

@inproceedings{mei2021learning,
  title={Learning with invariances in random features and kernel models},
  author={Mei, Song and Misiakiewicz, Theodor and Montanari, Andrea},
  booktitle={Conference on Learning Theory},
  pages={3351--3418},
  year={2021},
  organization={PMLR}
}

@article{tahmasebi2023exact,
  title={The Exact Sample Complexity Gain from Invariances for Kernel Regression},
  author={Tahmasebi, Behrooz and Jegelka, Stefanie},
  journal={Advances in Neural Information Processing Systems},
  volume={36},
  year={2023}
}

@inproceedings{elesedy2021provably,
  title={Provably strict generalisation benefit for equivariant models},
  author={Elesedy, Bryn and Zaidi, Sheheryar},
  booktitle={International conference on machine learning},
  pages={2959--2969},
  year={2021},
  organization={PMLR}
}

@book{teschl2014mathematical,
  title={Mathematical methods in quantum mechanics},
  author={Teschl, Gerald},
  volume={157},
  year={2014},
  publisher={American Mathematical Soc.}
}